@book{BoxTimeSeries,
 author = {Box, George Edward Pelham and Jenkins, Gwilym},
 title = {Time Series Analysis, Forecasting and Control},
 year = {2008},
 publisher = {John Wiley and Sons, Inc},
 }

 @book{FalkStatSAS,
 author = {Falk, Michael and Michel, René and Hofmann, Daniel and Macke, Maria},
 title = {A First Course on Time Series Analysis: Examples with SAS},
 year = {2006},
 url = {http://statistik.mathematik.uni-wuerzburg.de/timeseries/download/versions/2006-September-01-times.pdf},
 publisher = {Chair of Statistics, University of W\"urzburg},
 }
 
 @book{PressNumericalRecipes,
 author = {Press, William H. and Teukolsky, Saul A. and Vetterling, William T. and Flannery, Brian P.},
 title = {Numerical recipes in C (2nd ed.): the art of scientific computing},
 year = {1992},
 isbn = {0-521-43108-5},
 publisher = {Cambridge University Press},
 address = {New York, NY, USA},
 }
 
 @book{MathewsNumericalMethodMatlab,
 author = {Mathews, John H. and Fink, Kurtis D.},
 title = {Numerical Methods Using MATLAB},
 year = {2004},
 isbn = {0132700425},
 publisher = {Prentice Hall, Inc},
 }
 
 @book{MartinezComputationalStatsMATLAB,
 author = {Martinez, Wendy L. and Martinez, Angel R.},
 title = {Computational Statistics Handbook with MATLAB, Second Edition (Chapman \& Hall/Crc Computer Science \& Data Analysis)},
 year = {2007},
 isbn = {1584885661},
 publisher = {Chapman \& Hall/CRC},
 }
 
  @book{SimonoffSmoothingTechs,
 author = {Simonoff, Jeffrey S.},
 title = {Smoothing Methods in Statistics},
 year = {1996},
 publisher = {Springer-Verlag},
 }
 
 @book{MasonDataAnalysis,
 author = {Mason, Robert L. and Gunst, Richard F. and Hess, James L. },
 title = {Statistical Design and Analysis of Experiments, with Applications to Engineering and Science },
 year = {2003},
 publisher = {John Wiley \& Sons, Inc},
 }
 
 @book{KeppelDataAnalysis,
 author = {Keppel, Geoffrey},
 title = {Design and Analysis: A Researcher's Handbook},
 year = {1987},
 publisher = {Prentice Hall, Inc},
 }
 
 @inproceedings{CoskunThermalBalancingMPSoCs,
 author = {Coskun, Ayse Kivilcim and Rosing, Tajana Simunic and Gross, Kenny C.},
 title = {Proactive temperature balancing for low cost thermal management in MPSoCs},
 booktitle = {ICCAD '08: Proceedings of the 2008 IEEE/ACM International Conference on Computer-Aided Design},
 year = {2008},
 isbn = {978-1-4244-2820-5},
 pages = {250--257},
 location = {San Jose, California},
 publisher = {IEEE Press},
 address = {Piscataway, NJ, USA},
 }
 
 @inproceedings{CoskunThermalMngMPSoC,
 author = {Coskun, Ayse Kivilcim and Rosing, Tajana Simunic and Gross, Kenny C.},
 title = {Proactive temperature management in MPSoCs},
 booktitle = {ISLPED '08: Proceeding of the 13th international symposium on Low power electronics and design},
 year = {2008},
 isbn = {978-1-60558-109-5},
 pages = {165--170},
 location = {Bangalore, India},
 doi = {http://doi.acm.org/10.1145/1393921.1393966},
 publisher = {ACM},
 address = {New York, NY, USA},
 }
 
 
 