@book{ShumwayTimeSeries,
  	author={Robert H. Shumway and David S. Stoffer},
  	title={Time series analysis and its applications with R examples, 2nd edn},
  	year={2006},
  	edition = {Second Edition},
	publisher = {Springer}
}

@book{BrillingerTimeSeries, 
	author = {Brillinger, D. R.}, 
	year = {1981}, 
	title = {Time Series: Data Analysis and Theory}, 
	edition = {Second Edition},
	address = {San Francisco}, 
	publisher = {Holden-Day}
}

@inproceedings{Stanley-MarbellSunflower,
 author = {Stanley-Marbell, Phillip and Marculescu, Diana},
 title = {Sunflower: full-system, embedded, microarchitecture evaluation},
 booktitle = {Proceedings of the 2nd international conference on High performance embedded architectures and compilers},
 series = {HiPEAC'07},
 year = {2007},
 isbn = {978-3-540-69337-6},
 location = {Ghent, Belgium},
 pages = {168--182},
 numpages = {15},
 url = {http://portal.acm.org/citation.cfm?id=1762146.1762163},
 acmid = {1762163},
 publisher = {Springer-Verlag},
 address = {Berlin, Heidelberg},
} 

@inproceedings{WangOrion,
 author = {Wang, Hang-Sheng and Zhu, Xinping and Peh, Li-Shiuan and Malik, Sharad},
 title = {Orion: a power-performance simulator for interconnection networks},
 booktitle = {Proceedings of the 35th annual ACM/IEEE international symposium on Microarchitecture},
 series = {MICRO 35},
 year = {2002},
 isbn = {0-7695-1859-1},
 location = {Istanbul, Turkey},
 pages = {294--305},
 numpages = {12},
 url = {http://portal.acm.org/citation.cfm?id=774861.774893},
 acmid = {774893},
 publisher = {IEEE Computer Society Press},
 address = {Los Alamitos, CA, USA},
} 

@misc{Wormsim,
title = {Wormsim Simulator -- a cycle accurate simulator for Networks-on-Chip: http://www.ece.cmu.edu/~sld/wiki/doku.php?id=shared:worm\_sim},
url = {http://www.ece.cmu.edu/~sld/wiki/doku.php?id=shared:worm_sim}
}




@inproceedings{ChenLeakagePower,
 author = {Chen, Xuning and Peh, Li-Shiuan},
 title = {Leakage power modeling and optimization in interconnection networks},
 booktitle = {Proceedings of the 2003 international symposium on Low power electronics and design},
 series = {ISLPED '03},
 year = {2003},
 isbn = {1-58113-682-X},
 location = {Seoul, Korea},
 pages = {90--95},
 numpages = {6},
 url = {http://doi.acm.org/10.1145/871506.871531},
 doi = {http://doi.acm.org/10.1145/871506.871531},
 acmid = {871531},
 publisher = {ACM},
 address = {New York, NY, USA},
 keywords = {interconnection networks, leakage power, power optimization},
} 

@inproceedings{MuralidharaCommBased,
 author = {Muralidhara, Sai Prashanth and Kandemir, Mahmut},
 title = {Communication Based Proactive Link Power Management},
 booktitle = {Proceedings of the 4th International Conference on High Performance Embedded Architectures and Compilers},
 series = {HiPEAC '09},
 year = {2009},
 isbn = {978-3-540-92989-5},
 location = {Paphos, Cyprus},
 pages = {198--215},
 numpages = {18},
 url = {http://dx.doi.org/10.1007/978-3-540-92990-1_16},
 doi = {http://dx.doi.org/10.1007/978-3-540-92990-1_16},
 acmid = {1505837},
 publisher = {Springer-Verlag},
 address = {Berlin, Heidelberg},
} 


@inproceedings{LiCompilerDirected,
 author = {Li, F. and Chen, G. and Kandemir, M.},
 title = {Compiler-directed voltage scaling on communication links for reducing power consumption},
 booktitle = {Proceedings of the 2005 IEEE/ACM International conference on Computer-aided design},
 series = {ICCAD '05},
 year = {2005},
 isbn = {0-7803-9254-X},
 location = {San Jose, CA},
 pages = {456--460},
 numpages = {5},
 url = {http://portal.acm.org/citation.cfm?id=1129601.1129667},
 acmid = {1129667},
 publisher = {IEEE Computer Society},
 address = {Washington, DC, USA},
} 


@inproceedings{LiProfileDriven,
 author = {Li, Feihui and Chen, Guangyu and Kandemir, Mahmut and Kolcu, Ibrahim},
 title = {Profile-driven energy reduction in network-on-chips},
 booktitle = {Proceedings of the 2007 ACM SIGPLAN conference on Programming language design and implementation},
 series = {PLDI '07},
 year = {2007},
 isbn = {978-1-59593-633-2},
 location = {San Diego, California, USA},
 pages = {394--404},
 numpages = {11},
 url = {http://doi.acm.org/10.1145/1250734.1250779},
 doi = {http://doi.acm.org/10.1145/1250734.1250779},
 acmid = {1250779},
 publisher = {ACM},
 address = {New York, NY, USA},
 keywords = {Network-on-Chip, compiler, power, routing},
} 


@inproceedings{PoplavkoExecutionStreams,
 author = {Poplavko, Peter and Basten, Twan and van Meerbergen, Jef},
 title = {Execution-time Prediction for Dynamic Streaming Applications with Task-level Parallelism},
 booktitle = {DSD '07: Proceedings of the 10th Euromicro Conference on Digital System Design Architectures, Methods and Tools},
 year = {2007},
 isbn = {0-7695-2978-X},
 pages = {228--235},
 doi = {http://dx.doi.org/10.1109/DSD.2007.52},
 publisher = {IEEE Computer Society},
 address = {Washington, DC, USA},
 }

 
 @article{AleenInputDriven,
 author = {Aleen, Farhana and Sharif, Monirul and Pande, Santosh},
 title = {Input-driven dynamic execution prediction of streaming applications},
 journal = {SIGPLAN Not.},
 volume = {45},
 number = {5},
 year = {2010},
 issn = {0362-1340},
 pages = {315--324},
 doi = {http://doi.acm.org/10.1145/1837853.1693494},
 publisher = {ACM},
 address = {New York, NY, USA},
 }
 
 @inproceedings{ThiesStreamIt,
 author = {Thies, William and Karczmarek, Michal and Amarasinghe, Saman P.},
 title = {StreamIt: A Language for Streaming Applications},
 booktitle = {CC '02: Proceedings of the 11th International Conference on Compiler Construction},
 year = {2002},
 isbn = {3-540-43369-4},
 pages = {179--196},
 publisher = {Springer-Verlag},
 address = {London, UK},
 }
 
 @article{LeeSDF,
 author = {E.A.~Lee and D.G.~Messerschmitt},
 title = {Static scheduling of synchronous data flow programs for digital signal processing},
 journal = {IEEE Transactions on Computers},
 volume = {36},
 number = {1},
 year = {1987},
 pages = {24--35},
 publisher = {IEEE Computer Society}
 }
 

@article{GlitiaArrayOLDelay,
 author = {Glitia, Calin and Dumont, Philippe and Boulet, Pierre},
 title = {Array-OL with delays, a domain specific specification language for multidimensional intensive signal processing},
 journal = {Multidimensional Syst. Signal Process.},
 volume = {21},
 number = {2},
 year = {2010},
 issn = {0923-6082},
 pages = {105--131},
 doi = {http://dx.doi.org/10.1007/s11045-009-0085-4},
 publisher = {Kluwer Academic Publishers},
 address = {Hingham, MA, USA}
}

 
 @INPROCEEDINGS{Theelen06ScenarioAware,
    author = {B. D. Theelen and M. C. W. Geilen and T. Basten and J. P. M. Voeten and S. V. Gheorghita and S. Stuijk},
    title = {A Scenario-Aware Data Flow Model for Combined Long-Run Average and Worst-Case Performance Analysis},
    booktitle = {Proceedings of MEMOCODE, pp 185194},
    year = {2006},
    pages = {185--194},
    publisher = {IEEE Computer Society Press}
}

@inproceedings{DallyPacketNotWire,
 author = {William J. Dally and Brian Towles},
 title = {Route packets, not wires: on-chip interconnection networks},
 booktitle = {DAC '01: Proceedings of the 38th conference on Design automation},
 year = {2001},
 isbn = {1-58113-297-2},
 pages = {684--689},
 location = {Las Vegas, Nevada, United States},
 doi = {http://doi.acm.org/10.1145/378239.379048},
 publisher = {ACM},
 address = {New York, NY, USA},
 }
 
 @Book{demicheli_noc_book_2006,
 author = {Giovanni De Micheli and Luca Benini},
 title = {Networks on Chips: Technology and Tools},
 booktitle = {Networks on Chips: Technology and Tools},
 year = {2006},
 publisher = {Morgan Kaufmann},
 }
 